<record><leader>00000cas a22000007a 4500</leader><controlfield tag="001">14767646</controlfield><controlfield tag="008">861119d18891uuutxusr ne      0    0eng d</controlfield><datafield ind1=" " ind2=" " tag="010"><subfield code="a">sn 86090015 </subfield></datafield><datafield ind1=" " ind2=" " tag="040"><subfield code="a">PPM</subfield><subfield code="b">eng</subfield><subfield code="c">PPM</subfield><subfield code="d">OCLCQ</subfield></datafield><datafield ind1=" " ind2=" " tag="042"><subfield code="a">msc</subfield></datafield><datafield ind1="0" ind2="4" tag="245"><subfield code="a">The Noble news.</subfield></datafield><datafield ind1=" " ind2=" " tag="260"><subfield code="a">Noble, Tex. :</subfield><subfield code="b">C.C. Campbell</subfield></datafield><datafield ind1=" " ind2=" " tag="300"><subfield code="a">v. :</subfield><subfield code="b">ill. ;</subfield><subfield code="c">25 cm.</subfield></datafield><datafield ind1=" " ind2=" " tag="310"><subfield code="a">Semimonthly</subfield></datafield><datafield ind1="0" ind2=" " tag="362"><subfield code="a">Vol. 1, no. 1 (Jan. 1, 1889)-</subfield></datafield><datafield ind1=" " ind2=" " tag="500"><subfield code="a">Handwritten in ink.</subfield></datafield><datafield ind1=" " ind2=" " tag="752"><subfield code="a">United States</subfield><subfield code="b">Texas</subfield><subfield code="c">Lamar</subfield><subfield code="d">Noble.</subfield></datafield></record>